@book{moschytz2000book,
  title={Adaptive Filter: Eine Einf√ºhrung in die Theorie mit Aufgaben und MATLAB-Simulationen auf CD-ROM},
  author={George Moschytz and Markus Hofbauer},
  year={2000},
  publisher={Springer}
}
